@comment{x-kbibtex-encoding=utf-8}

@comment{x-kbibtex-personnameformatting=<%f ><%l><, %s>}

@article{handlovicova2002,
	author = {Angela Handlovičová and Karol Mikula and Fiorella Sgallari},
	journal = {Journal of Visual Communication and Image Representation},
	number = {1},
	pages = {217–237},
	title = {{Variational Numerical Methods for Solving Nonlinear Diffusion Equations Arising in Image Processing}},
	volume = {13},
	year = {2002}
}

@article{perona1990,
	author = {P. Perona and J. Malik},
	journal = {IEEE Transactions on Pattern Analysis and Machine Intelligence},
	month = {Jul},
	number = {7},
	pages = {629–639},
	title = {{Scale-space and edge detection using anisotropic diffusion}},
	volume = {12},
	year = {1990}
}

@article{shukla2013,
	author = {Avinash Shukla and Anadi Misra and Sunil Kumar},
	journal = {International Journal of Advances in Engineering \& Technology},
	number = {4},
	pages = {1769},
	publisher = {IAET Publishing Company},
	title = {{Checkerboard Problem in Finite Element Based Topology Optimization}},
	volume = {6},
	year = {2013}
}

@article{catte1992,
	author = {Francine Catté and Pierre-Louis Lions and Jean-Michel Morel and Tomeu Coll},
	journal = {SIAM Journal on Numerical Analysis},
	number = {1},
	pages = {182–193},
	publisher = {Society for Industrial and Applied Mathematics},
	title = {{Image Selective Smoothing and Edge Detection by Nonlinear Diffusion}},
	volume = {29},
	year = {1992}
}

